@book{high_availability_clustering_2014,
	title = {Pro Linux High Availability Clustering},
	url = {https://www.springer.com/gp/book/9781484200803},
	urldate = {2015-06-14},
	booktitle = {Pro {Linux} {High Availability} {Clustering}},
	publisher = {Springer},
	author = {Sander van Vugt},
	year = {2014},
% fix pages
	pages = {10--11},
	file = {Pro-Linux-High-Availability-Clustering.pdf:/home/thermi/FH-Stuff/UNITS-6/Praxisarbeit/Pro-Linux-High-Availability-Clustering.pdf:application:pdf}
}